@inproceedings{haible1998fast,
  title={Fast multiprecision evaluation of series of rational numbers},
  author={Haible, Bruno and Papanikolaou, Thomas},
  booktitle={International Algorithmic Number Theory Symposium},
  pages={338--350},
  year={1998},
  organization={Springer}
}

@misc{webref,
	title = {},
	howpublished = {\url{https://www.craig-wood.com/nick/articles/pi-chudnovsky/}},
	note = {Online; accessed 29 May 2020}
}